<?xml version="1.0" encoding="UTF-8"?><collection xmlns="http://www.loc.gov/MARC21/slim"><record><leader>00414nam--2200121-i-4500</leader><controlfield tag="001">000004636</controlfield><controlfield tag="002">20161230</controlfield><controlfield tag="005">20161230201026</controlfield><controlfield tag="008">060222s1000------------r-----000-0-eng-d</controlfield><datafield ind1=" " ind2=" " tag="245"><subfield code="a">Betatron und telekobalttherapie. intern. sympo sion am czerny-krankehaus fur strahlenbehandlu ng ... vom 1 bis 3 juli, 1957</subfield></datafield><datafield ind1=" " ind2=" " tag="260"><subfield code="a">Berlin, Springer Verlag, 1958 204 P. + 151 Fig</subfield></datafield><datafield ind1=" " ind2=" " tag="700"><subfield code="a">Becker, J., Scheer, K.E</subfield></datafield><datafield ind1=" " ind2=" " tag="852"><subfield code="a">14132</subfield></datafield></record></collection>